<?xml version="1.0" encoding="UTF-8"?><collection xmlns="http://www.loc.gov/MARC21/slim"><record><leader>00334nam--2200121-i-4500</leader><controlfield tag="001">000005187</controlfield><controlfield tag="002">20161230</controlfield><controlfield tag="005">20161230201026</controlfield><controlfield tag="008">060222s1000------------r-----000-0-eng-d</controlfield><datafield ind1=" " ind2=" " tag="100"><subfield code="a">Cini, M.And Fubini, S</subfield></datafield><datafield ind1=" " ind2=" " tag="245"><subfield code="a">One dimensional representation for low energy pion phenomena</subfield></datafield><datafield ind1=" " ind2=" " tag="260"><subfield code="a">Geneva, Cern, 1960. 18 P.+ 2 Pl</subfield></datafield><datafield ind1=" " ind2=" " tag="852"><subfield code="a">15697</subfield></datafield></record></collection>